@inproceedings{Lhuillier,
year={2001},
author = {Lhuillier, M. and Quan, L. and Shum, H. and Tsui, H.T.},
title = {Relief Mosaics by Joint View Triangulation},
booktitle ={CVPR},
}

@book{Kocay,
title = {Graphs, Algorithms, and Optimization},
author = {William Kocay and Donald L. Kreher},
year = {2004},
series = {Discrete Mathematics and Its Applications},
publisher = {Chapman and Hall}
}

@article{Lior,
year = {2005},
author = {Rokach, Lior and Oded Maimon},
title = "{Clustering methods}",
journal = {Data mining and knowledge discovery handbook},
pages= {321--352}
}

@inproceedings{Gao,
year={2011},
author = {Junhong Gao and Seon Joo Kim and Brown, M.S.},
title = {Constructing image panoramas using dual-homography warping},
booktitle ={CVPR},
}

@inproceedings{Bay,
year={2006},
author = {Herbert Bay and Tinne Tuytelaars and Luc Van Gool},
title = "{SURF: Speeded Up Robust Features}",
booktitle = {ECCV}
}

@article{Fischler1981,
 author = {Fischler, Martin A. and Bolles, Robert C.},
 title = "{Random Sample Consensus: A Paradigm for Model Fitting with Applications to Image Analysis and Automated Cartography}",
 journal = {Commun. ACM},
 issue_date = {June 1981},
 volume = {24},
 number = {6},
 month = jun,
 year = {1981},
 issn = {0001-0782},
 pages = {381--395},
 numpages = {15}, 
} 

@inproceedings{Acha,
year={2005},
author = {Rav-Acha, A. and Pritch, Y. and Lischinski, D. and Peleg, S.},
title = {Dynamosaics: video mosaics with non-chronological time},
booktitle ={CVPR},
}

@inproceedings{Eden,
year={2006},
author = {Eden, A. and Uyttendaele, M. and Szeliski, R.},
title = "{Seamless Image Stitching of Scenes with Large Motions and Exposure Differences}",
booktitle ={CVPR},
}

@inproceedings{Peleg,
year={1999},
author = {Peleg, S. and  Ben-Ezra, M.},
title = {Stereo panorama with a single camera},
booktitle ={CVPR},
}

@inproceedings{Capel,
year={1998},
author = {Capel, D. and Zisserman, A.},
title = {Automated mosaicing with super-resolution zoom},
booktitle ={CVPR},
}

@inproceedings{Szeliski1997,
 author = {Szeliski, R and Shum, Heung-Yeung},
 title = "{Creating Full View Panoramic Image Mosaics and Environment Maps}",
 booktitle = {SIGGRAPH},
 series = {SIGGRAPH '97},
 year = {1997},
 pages = {251--258},
 numpages = {8},
}

@TECHREPORT{Szeliski05imagealignment,
    author = {Richard Szeliski},
    title = {Image alignment and stitching: A tutorial},
    institution = {MSR-TR-2004-92, Microsoft Research, 2004},
    year = {2005}
}

@inproceedings{Brown03,
year={2003},
author = {Brown, M. and Lowe, D.G.},
title = {Recognising panoramas},
booktitle ={ICCV},
}

@inproceedings{Brown05,
year={2005},
author = {Brown, M. and Szeliski, R. and Winder, S.},
title = {Multi-image matching using multi-scale oriented patches},
booktitle ={CVPR},
}


@inproceedings{Aner,
year={2002},
author = {Aya Aner and John R. Kender},
title = {Video Summaries through Mosaic-Based Shot and Scene Clustering},
booktitle ={ECCV},
}

@inproceedings{Lee,
year={2012},
author = {Y. Lee and J. Ghosh and K. Grauman},
title = {Discovering important people and objects for egocentric video summarization},
booktitle ={CVPR},
}

@inproceedings{Foote,
year={2000},
author = {Foote, J. and Kimber, D.},
title = {FlyCam: practical panoramic video and automatic camera control},
booktitle ={ICME},
}


@article{Brown07,
year={2007},
journal={International Journal of Computer Vision},
volume={74},
number={1},
title={Automatic Panoramic Image Stitching using Invariant Features},
author={Brown, M and Lowe, D. G.},
pages={59-73},
}
 
@article{Agarwala2006,
 author = {Agarwala, A and Agrawala, M and Cohen, M and Salesin, D and Szeliski, R},
 title = {Photographing Long Scenes with Multi-viewpoint Panoramas},
 journal = {ACM Transactions on Graphics},
 volume = {25},
 number = {3},
 month = jul,
 year = {2006},
 pages = {853--861},
 numpages = {9},
} 

@article{Milgram1975,
author= {Milgram, D.L.},
title = {Computer Methods for Creating Photomosaics},
journal = {IEEE Transactions on Computers},
year = {1975},
volume = {C-24},
number = {11},
pages = {1113--1119}
} 

@article{Milgram1977,
author= {Milgram, D.L.},
title = {Adaptive techniques for photomosaicking},
journal = {IEEE Transactions on Computers},
year = {1977},
volume = {26},
number = {11},
pages = {1175--1180}
}

@MISC{ICE,
author = "{Microsoft Image Composite Editor}",
title = {Last visited {A}pril 21, 2015},
howpublished={\url{http://research.microsoft.com/en-us/um/redmond/groups/ivm/ICE/}}
}

@MISC{autostitch,
author = "{Autostich}",
title = {Last visited {A}pril 21, 2015},
howpublished={\url{http://www.cs.bath.ac.uk/brown/autostitch/autostitch.html}}
}

@MISC{photoshop,
author = "{Adobe Photoshop CS6}",
title = {Last visited {A}pril 21, 2015},
howpublished={\url{http://www.adobe.com/products/photoshop}}
}
